%% Extreme Programming Explained %%
@book{xp_explained_ref,
	title={{Extreme Programming Explained: Embrace Change}},
	author={Beck, K and Andres, C},
	year={2005},
	edition={2},
	publisher={Boston: Addison-Wesley},
	isbn={0321278658},
	annote={This book provides an explanation of the practices and principles of Extreme Programming and gives an insight into the philosophy and motivations behind its creation. The book is authored by one of the original creators of the Extreme Programming methodology.},
}

%% Extreme Programming Applied %%
@book{xp_applied_ref,
	title={{Extreme Programming Applied: Playing to Win}},
	author={Auer, K and Miller, R},
	year={2002},
	publisher={Boston;London: Addison-Wesley},
	isbn={0201616408},
	annote={This book is part of the XP Series, it is described as a pragmatic guide to getting started with Extreme Programming. This book will provide guidance on how to apply the important principles and practices of XP in this Project.},
}

%% Node.js %%
@misc{nodejs_documentation_ref,
	author = {Various},
	title = {{Node.js Foundation}},
	month = Feb,
	year = {2019},
	howpublished={\url{https://nodejs.org/en/}},
	note={Accessed February 2019},
	annote={Node.js is an open source JavaScript runtime that can is used serverside. It will be considered as an option to build the REST API needed for the mobile app.}
}

%% Node.js application security %%
@book{nodejs_security_ref,
	title={{Secure Your Node.js Web Application}},
	author={Duuna, K},
	year={2016},
	publisher={Dallas: The Pragmatic Bookshelf},
	isbn={1680500856},
	annote={This book provides guides and best practices to improve the security of Node.js web applications. It provides tips for creating robust database calls, user authentication, and session management.},
}

%% Express.js %%
@misc{expressjs_documentation_ref,
	author = {{Node.js Foundation}},
	title = {Express.js},
	month = Feb,
	year = {2019},
	howpublished={\url{https://expressjs.com/}},
	note={Accessed February 2019},
	annote={This is a web framework for Node.js, it will be considered as an option to build a REST API together with Node.js}
}

%% Express.js Tutorial %%
@misc{expressjs_tutorial_ref,
	author = {{Mills, C. et al}},
	title = {Express web framework (Node.js/JavaScript)},
	month = Dec,
	year = {2018},
	howpublished={\url{https://developer.mozilla.org/en-US/docs/Learn/Server-side/Express_Nodejs}},
	note={Accessed February 2019},
	annote={This is a user-created guide to using Node.js and Express.js, it is a resource that would be very useful if Express.js/Node.js were used to build the REST API.}
}

%% Express.js Tutorial #2 %%
@misc{expressjs_rest_tutorial_ref,
	author = {Sevilleja, C},
	title = {Express web framework (Node.js/JavaScript)},
	month = Apr,
	year = {2014},
	howpublished={\url{https://scotch.io/tutorials/build-a-restful-api-using-node-and-express-4}},
	note={Accessed February 2019},
	annote={This is a tutorial for building REST APIs using Express.js, it provides an introduction to routing using Expree.js 4 and the use of middleware.}
}

%% Ruby on Rails %%
@misc{rails_documentation_ref,
	author = {Hansson, D},
	title = {Ruby on Rails},
	month = Feb,
	year = {2019},
	howpublished={\url{https://rubyonrails.org/}},
	note={Accessed February 2019},
	annote={Ruby on Rails is a web application framework for server-side use, it is written in Ruby. It will be considered as an alternative to Node.js to create the REST API and backend services needed for the App.}
}

%% Okta Authentication %%
@misc{okta_documentation_ref,
	author = {{Okta}},
	title = {Okta Authentication},
	month = Feb,
	year = {2019},
	howpublished={\url{https://developer.okta.com/}},
	note={Accessed February 2019},
	annote={This is an authentication API that would be used to implement user authentication for the App. It is considered as an alternative to building user authentication from scratch in Express.js/Node.js (perhaps for prototyping)}
}

%% Jenkins %%
@misc{jenkins_documentation_ref,
	author = {{Jenkins}},
	title = {Jenkins},
	month = Feb,
	year = {2019},
	howpublished={\url{https://jenkins.io/}},
	note={Accessed February 2019},
	annote={Jenkins is an open source continuous integration and continuous delivery tool in the form of an easily configurable server.}
}

%% Travis %%
@misc{travis_documentation_ref,
	author = {{Travis CI}},
	title = {Travis CI},
	howpublished={\url{https://travis-ci.org/}},
	note={Accessed February 2019},
	annote={Travis CI is a continuous integration tool that can be synced with github projects to create a build flow.}
}

%% TeamCity %%
@misc{teamcity_documentation_ref,
	author = {{JetBrains}},
	title = {TeamCity},
	howpublished={\url{https://www.jetbrains.com/teamcity/}},
	note={Accessed February 2019},
	annote={Team City is another CI/CD tool for consideration, it is created by Jet Brains; the same company who develops IntelliJ Idea, the platform on which Android Studio is built.}
}

%% Docker %%
@misc{docker_documentation_ref,
	author = {{Docker Inc}},
	title = {Docker},
	howpublished={\url{https://www.docker.com/}},
	note={Accessed February 2019},
	annote={Docker allows for containerization of software. Containers are isolated and can be used to bundle tools, libraries and configuration files for simple and easy deployment. Docker works very well with CI/CD tools.}
}

%% Mongo DB %%
@misc{mongodb_documentation_ref,
	author = {{MongoDB Inc}},
	title = {mongoDB},
	howpublished={\url{https://www.mongodb.com/}},
	note={Accessed February 2019},
	annote={MongoDB is a free and open source NoSQL database solution. It is document-oriented and uses JSON-like documents.}
}



%% Adobe XD %%
@misc{adobeXD_documentation_ref,
	author = {{Adobe}},
	title = {Adobe XD CC},
	howpublished={\url{https://www.adobe.com/uk/products/xd.html}},
	note={Accessed February 2019},
	annote={This is an user interface design and prototyping tool made by Adobe, there are material design expansions available. These can be used to quickly create extremely accurate Android Application prototypes.}
}

%% Fluid UI %%
@misc{fluidUI_documentation_ref,
	author = {{Fluid UI}},
	title = {Fluid UI},
	month = Feb,
	year = {2019},
	howpublished={\url{https://www.fluidui.com/}},
	note={Accessed February 2019},
	annote={Fluid UI is a web-based user interface design tool. Similarly to Adobe XD, it too has material design UI packages.}
}

%% GDPR %%
@misc{gdpr_legislation_ref,
	title = {Data Protection Act 2018},
	chapter = {12},
	month = May,
	year = {2018},
	howpublished={\url{http://www.legislation.gov.uk/ukpga/2018/12/contents/enacted}},
	note={Accessed February 2019},
	annote={This act controls how personal information is used by organisations, businesses or the government. It is the UK's implementation of the General Data Protection Regulation (GDPR)}
}


