%% This BibTeX bibliography file was created using BibDesk.
%% http://bibdesk.sourceforge.net/

%% Uber %%
@misc{uber_documentation_ref,
	author = {Uber Technologies Inc.},
	title = {{Uber}},
	month = April,
	year = {2019},
	howpublished={\url{https://www.uber.com/gb/en/}},
	note={Accessed April 2019},
	annote={Uber provides a platform that allows registered drivers to receive 'ride' bookings from customers. The platform also allows communication between the customer and the driver regarding the booking (either via in-app messaging or GPS).}
}

%% mytaxi %%
@misc{mytaxi_documentation_ref,
	author = {MyTaxi Network Ltd.},
	title = {{mytaxi}},
	month = April,
	year = {2019},
	howpublished={\url{https://mytaxi.com/uk/}},
	note={Accessed April 2019},
	annote={mytaxi is described as a 'taxi e-hailing' app. They operate in many major cities across Europe and allow customers to electronically book taxis with participating companies.}
}

%% minicabit %%
@misc{minicabit_documentation_ref,
	author = {minicabit Ltd.},
	title = {{minicabit}},
	month = April,
	year = {2019},
	howpublished={\url{https://www.minicabit.com/}},
	note={Accessed April 2019},
	annote={minicabit is an online service that allows customers to compare quotes for taxi journeys across the UK. It also provides support for making taxi bookings.}
}

%% SDLC %%
@misc{sdlc_ref,
	author = {Tutorialspoint},
	title = {{SDLC - Waterfall Model}},
	month = April,
	year = {2019},
	howpublished={\url{https://www.tutorialspoint.com/sdlc/sdlc_waterfall_model.htm}},
note={Accessed April 2019},
annote={This web page is a simple breakdown of the SDLC software development methodology.}
}

%% FDD %%
@book{fdd_practical_guide_ref,
	title={{A practical guide to feature-driven development}},
	author={Palmer, S and Felsing, J},
	year={2002},
	publisher={Upper Saddle River, NJ: Prentice Hall PTR},
	isbn={0130676152},
	annote={This book attempts to provide an in-depth guide to apply Feature Driven Development to a project by explaining the importance of roles, overall models and feature lists.},
}

%% Extreme Programming Explained %%
@book{xp_explained_ref,
	title={{Extreme Programming Explained: Embrace Change}},
	author={Beck, K and Andres, C},
	year={2005},
	edition={2},
	publisher={Boston: Addison-Wesley},
	isbn={0321278658},
	annote={This book provides an explanation of the practices and principles of Extreme Programming and gives an insight into the philosophy and motivations behind its creation. The book is authored by one of the original creators of the Extreme Programming methodology.},
}

%% Extreme Programming Applied %%
@book{xp_applied_ref,
	title={{Extreme Programming Applied: Playing to Win}},
	author={Auer, K and Miller, R},
	year={2002},
	publisher={Boston;London: Addison-Wesley},
	isbn={0201616408},
	annote={This book is part of the XP Series, it is described as a pragmatic guide to getting started with Extreme Programming. This book will provide guidance on how to apply the important principles and practices of XP in this Project.},
}

%% Extreme Programming Agilealliance %%
@misc{xp_agilealliance_ref,
	author = {Agile Alliance},
	title = {{What is Extreme Programming?}},
	month = April,
	year = {2019},
	howpublished={\url{https://nodejs.org/en/}},
	note={Accessed April 2019},
	annote={This is an entry in Agile Alliance's methodology glossary. It provides an easy to understand overview of Extreme Programming, adapted from literary pieces by Kent Beck and Don Wells}
}

%% Node.js %%
@misc{nodejs_documentation_ref,
	author = {Various},
	title = {{Node.js Foundation}},
	month = Feb,
	year = {2019},
	howpublished={\url{https://nodejs.org/en/}},
	note={Accessed February 2019},
	annote={Node.js is an open source JavaScript runtime that can is used serverside. It will be considered as an option to build the REST API needed for the mobile app.}
}

%% Node.js application security %%
@book{nodejs_security_ref,
	title={{Secure Your Node.js Web Application}},
	author={Duuna, K},
	year={2016},
	publisher={Dallas: The Pragmatic Bookshelf},
	isbn={1680500856},
	annote={This book provides guides and best practices to improve the security of Node.js web applications. It provides tips for creating robust database calls, user authentication, and session management.},
}

%% Express.js %%
@misc{expressjs_documentation_ref,
	author = {{Node.js Foundation}},
	title = {Express.js},
	month = Feb,
	year = {2019},
	howpublished={\url{https://expressjs.com/}},
	note={Accessed February 2019},
	annote={This is a web framework for Node.js, it will be considered as an option to build a REST API together with Node.js}
}

%% Express.js Tutorial %%
@misc{expressjs_tutorial_ref,
	author = {{Mills, C. et al}},
	title = {Express web framework (Node.js/JavaScript)},
	month = Dec,
	year = {2018},
	howpublished={\url{https://developer.mozilla.org/en-US/docs/Learn/Server-side/Express_Nodejs}},
	note={Accessed February 2019},
	annote={This is a user-created guide to using Node.js and Express.js, it is a resource that would be very useful if Express.js/Node.js were used to build the REST API.}
}

%% Express.js Tutorial #2 %%
@misc{expressjs_rest_tutorial_ref,
	author = {Sevilleja, C},
	title = {Express web framework (Node.js/JavaScript)},
	month = Apr,
	year = {2014},
	howpublished={\url{https://scotch.io/tutorials/build-a-restful-api-using-node-and-express-4}},
	note={Accessed February 2019},
	annote={This is a tutorial for building REST APIs using Express.js, it provides an introduction to routing using Expree.js 4 and the use of middleware.}
}

%% Ruby on Rails %%
@misc{rails_documentation_ref,
	author = {Hansson, D},
	title = {Ruby on Rails},
	month = Feb,
	year = {2019},
	howpublished={\url{https://rubyonrails.org/}},
	note={Accessed February 2019},
	annote={Ruby on Rails is a web application framework for server-side use, it is written in Ruby. It will be considered as an alternative to Node.js to create the REST API and backend services needed for the App.}
}

%% ASP.NET %%
@misc{dotnet_documentation_ref,
	author = {Burke, K. et al},
	title = {Flask-RESTful},
	month = April,
	year = {2019},
	howpublished={\url{https://flask-restful.readthedocs.io/en/latest/}},
	note={Accessed April 2019},
	annote={Flask-RESTful is an extension to the Flask micro framework. It is written in python and can be used to quickly and easily build REST API's.}
}

%% Flask-Restful %%
@misc{flask_documentation_ref,
	author = {Microsoft},
	title = {ASP.NET},
	month = April,
	year = {2019},
	howpublished={\url{https://dotnet.microsoft.com/apps/aspnet}},
	note={Accessed April 2019},
	annote={ASP.NET is a cross-platforn, open source framework designed to support the creation of web apps, services and APIs using .NET and C\#. It is developed and maintained by microsoft and is very prominent technology in industry.}
}

%% Retrofit %%
@misc{retrofit_documentation_ref,
	author = {Square},
	title = {Retrofit},
	month = April,
	year = {2019},
	howpublished={\url{https://square.github.io/retrofit/}},
	note={Accessed April 2019},
	annote={Retrofit is a HTTP Client for Java (and by extension, Android). It is commonly used to consume REST APIs and serialize/de-serialize JSON objects into Java Objects.}
}

%% rxJava %%
@misc{rxjava_documentation_ref,
	author = {ReactiveX},
	title = {rxJava},
	month = April,
	year = {2019},
	howpublished={\url{https://github.com/ReactiveX/RxJava}},
	note={Accessed April 2019},
	annote={rxJava is an implementation of the ReactiveX asynchronous programming API for Java. It implements the Observer pattern to allow asynchronous programming with observable streams.}
}

%% Angular %%
@misc{angular_documentation_ref,
	author = {Google},
	title = {Angular},
	month = April,
	year = {2019},
	howpublished={\url{https://angular.io/}},
	note={Accessed April 2019},
	annote={Angular is a frontend web framework developed by Google. It is TypeScript based and open source, it has an in-built HTTP client and various supports for Material Design.}
}

%% React.js %%
@misc{react_documentation_ref,
	author = {Facebook},
	title = {React},
	month = April,
	year = {2019},
	howpublished={\url{https://reactjs.org/}},
	note={Accessed April 2019},
	annote={React is a Javascript based frontend web framework, it is developed and maintained by Facebook and similarly to Angular it is component based.}
}

%% Vue.js %%
@misc{vue_documentation_ref,
	author = {You, E},
	title = {Vue.js},
	month = April,
	year = {2019},
	howpublished={\url{https://vuejs.org/}},
	note={Accessed April 2019},
	annote={Vue.js is a frontend web framework that is based in Javascript, it is very versatile and is designed to be used in conjuction with other libraries.}
}

%% Jenkins %%
@misc{jenkins_documentation_ref,
	author = {{Jenkins}},
	title = {Jenkins},
	month = Feb,
	year = {2019},
	howpublished={\url{https://jenkins.io/}},
	note={Accessed February 2019},
	annote={Jenkins is an open source continuous integration and continuous delivery tool in the form of an easily configurable server.}
}

%% Travis %%
@misc{travis_documentation_ref,
	author = {{Travis CI}},
	title = {Travis CI},
	howpublished={\url{https://travis-ci.org/}},
	note={Accessed February 2019},
	annote={Travis CI is a continuous integration tool that can be synced with github projects to create a build flow.}
}

%% TeamCity %%
@misc{teamcity_documentation_ref,
	author = {{JetBrains}},
	title = {TeamCity},
	howpublished={\url{https://www.jetbrains.com/teamcity/}},
	note={Accessed February 2019},
	annote={Team City is another CI/CD tool for consideration, it is created by Jet Brains; the same company who develops IntelliJ Idea, the platform on which Android Studio is built.}
}

%% Docker %%
@misc{docker_documentation_ref,
	author = {{Docker Inc}},
	title = {Docker},
	howpublished={\url{https://www.docker.com/}},
	note={Accessed February 2019},
	annote={Docker allows for containerization of software. Containers are isolated and can be used to bundle tools, libraries and configuration files for simple and easy deployment. Docker works very well with CI/CD tools.}
}

%% Mongo DB %%
@misc{mongodb_documentation_ref,
	author = {{MongoDB Inc}},
	title = {mongoDB},
	howpublished={\url{https://www.mongodb.com/}},
	note={Accessed April 2019},
	annote={MongoDB is a free and open source NoSQL database solution. It is document-oriented and uses JSON-like documents.}
}

%% Postgres %%
@misc{postgres_documentation_ref,
	author = {{PostgreSQL Global Development Group}},
	title = {PostgreSQL},
	howpublished={\url{https://www.postgresql.org/}},
	note={Accessed April 2019},
	annote={PostgreSQL is a very well established, open source database management system for relational databases.}
}

%% MySQL %%
@misc{mysql_documentation_ref,
	author = {{Oracle Corporation}},
	title = {MySQL},
	howpublished={\url{https://www.mysql.com/}},
	note={Accessed April 2019},
	annote={MySQL is a database management system for relational databases widely used in industry.}
}

%% Heroku %%
@misc{heroku_documentation_ref,
	author = {{Salesforce}},
	title = {Heroku},
	howpublished={\url{https://www.heroku.com/}},
	note={Accessed April 2019},
	annote={Heroku is a cloud platform that has support for deploying many web applications, including those written in Javascript, Python, and Ruby.}
}

%% AWS %%
@misc{aws_documentation_ref,
	author = {{Amazon}},
	title = {AWS},
	howpublished={\url{https://aws.amazon.com/}},
	note={Accessed April 2019},
	annote={AWS is owned by Amazon and provides on-demand cloud computing platforms on a pay-as-you-go basis. Allowing servers to be spun-up and deployed very easily, also allowing fine grain control over resources.}
}

%% Nginx %%
@misc{nginx_documentation_ref,
	author = {{Nginx Inc}},
	title = {NGINX},
	howpublished={\url{https://www.nginx.com/}},
	note={Accessed April 2019},
	annote={Nginx is a web server ideal for deploying REST APIs, as it can double up as a reverse proxy.}
}

%% Adobe XD %%
@misc{adobeXD_documentation_ref,
	author = {{Adobe}},
	title = {Adobe XD CC},
	howpublished={\url{https://www.adobe.com/uk/products/xd.html}},
	note={Accessed February 2019},
	annote={This is an user interface design and prototyping tool made by Adobe, there are material design expansions available. These can be used to quickly create extremely accurate Android Application prototypes.}
}

%% Fluid UI %%
@misc{fluidUI_documentation_ref,
	author = {{Fluid UI}},
	title = {Fluid UI},
	month = Feb,
	year = {2019},
	howpublished={\url{https://www.fluidui.com/}},
	note={Accessed February 2019},
	annote={Fluid UI is a web-based user interface design tool. Similarly to Adobe XD, it too has material design UI packages.}
}

%% GDPR %%
@misc{gdpr_legislation_ref,
	title = {Data Protection Act 2018},
	chapter = {12},
	month = May,
	year = {2018},
	howpublished={\url{http://www.legislation.gov.uk/ukpga/2018/12/contents/enacted}},
	note={Accessed February 2019},
	annote={This act controls how personal information is used by organisations, businesses or the government. It is the UK's implementation of the General Data Protection Regulation (GDPR)}
}

%% Trello %%
@misc{trellon_ref,
	author = {Atlassian},
	title = {Trello},
	howpublished={\url{https://trello.com/}},
	note={Accessed February 2019},
	annote={Trello is a web based service that allows the creation of virtual boards, lists and cards to allow organization and prioritization in projects.}
}

%% Blog %%
@misc{blog_ref,
	author = {Rhys Evans},
	title = {Project Blog},
	howpublished={\url{http://blog.rhysevans.xyz/}},
	note={Accessed February 2019},
	annote={This blog documents the progress of the project on a weekly basis.}
}

